@misc{agarwal2024manyshotincontextlearning,
      title={Many-Shot In-Context Learning}, 
      author={Rishabh Agarwal and Avi Singh and Lei M. Zhang and Bernd Bohnet and Luis Rosias and Stephanie Chan and Biao Zhang and Ankesh Anand and Zaheer Abbas and Azade Nova and John D. Co-Reyes and Eric Chu and Feryal Behbahani and Aleksandra Faust and Hugo Larochelle},
      year={2024},
      eprint={2404.11018},
      archivePrefix={arXiv},
      primaryClass={cs.LG},
      url={https://arxiv.org/abs/2404.11018}, 
}

@misc{bertsch2024incontextlearninglongcontextmodels,
      title={In-Context Learning with Long-Context Models: An In-Depth Exploration}, 
      author={Amanda Bertsch and Maor Ivgi and Uri Alon and Jonathan Berant and Matthew R. Gormley and Graham Neubig},
      year={2024},
      eprint={2405.00200},
      archivePrefix={arXiv},
      primaryClass={cs.CL},
      url={https://arxiv.org/abs/2405.00200}, 
}

@misc{cobbe2021trainingverifierssolvemath,
      title={Training Verifiers to Solve Math Word Problems}, 
      author={Karl Cobbe and Vineet Kosaraju and Mohammad Bavarian and Mark Chen and Heewoo Jun and Lukasz Kaiser and Matthias Plappert and Jerry Tworek and Jacob Hilton and Reiichiro Nakano and Christopher Hesse and John Schulman},
      year={2021},
      eprint={2110.14168},
      archivePrefix={arXiv},
      primaryClass={cs.LG},
      url={https://arxiv.org/abs/2110.14168}, 
}

@article{hendrycksmath2021,
  title={Measuring Mathematical Problem Solving With the MATH Dataset},
  author={Dan Hendrycks and Collin Burns and Saurav Kadavath and Akul Arora and Steven Basart and Eric Tang and Dawn Song and Jacob Steinhardt},
  journal={NeurIPS},
  year={2021}
}

@article{cobbe2021gsm8k,
  title={Training Verifiers to Solve Math Word Problems},
  author={Cobbe, Karl and Kosaraju, Vineet and Bavarian, Mohammad and Chen, Mark and Jun, Heewoo and Kaiser, Lukasz and Plappert, Matthias and Tworek, Jerry and Hilton, Jacob and Nakano, Reiichiro and Hesse, Christopher and Schulman, John},
  journal={arXiv preprint arXiv:2110.14168},
  year={2021}
}

@misc{jin2024longcontextllmsmeetrag,
      title={Long-Context LLMs Meet RAG: Overcoming Challenges for Long Inputs in RAG}, 
      author={Bowen Jin and Jinsung Yoon and Jiawei Han and Sercan O. Arik},
      year={2024},
      eprint={2410.05983},
      archivePrefix={arXiv},
      primaryClass={cs.CL},
      url={https://arxiv.org/abs/2410.05983}, 
}

@misc{liu2023lostmiddlelanguagemodels,
      title={Lost in the Middle: How Language Models Use Long Contexts}, 
      author={Nelson F. Liu and Kevin Lin and John Hewitt and Ashwin Paranjape and Michele Bevilacqua and Fabio Petroni and Percy Liang},
      year={2023},
      eprint={2307.03172},
      archivePrefix={arXiv},
      primaryClass={cs.CL},
      url={https://arxiv.org/abs/2307.03172}, 
}

@misc{khattab2023dspycompilingdeclarativelanguage,
      title={DSPy: Compiling Declarative Language Model Calls into Self-Improving Pipelines}, 
      author={Omar Khattab and Arnav Singhvi and Paridhi Maheshwari and Zhiyuan Zhang and Keshav Santhanam and Sri Vardhamanan and Saiful Haq and Ashutosh Sharma and Thomas T. Joshi and Hanna Moazam and Heather Miller and Matei Zaharia and Christopher Potts},
      year={2023},
      eprint={2310.03714},
      archivePrefix={arXiv},
      primaryClass={cs.CL},
      url={https://arxiv.org/abs/2310.03714}, 
}